@article{ruder:multitask,
  author    = {Sebastian Ruder},
  title     = {An Overview of Multi-Task Learning in Deep Neural Networks},
  journal   = {CoRR},
  volume    = {abs/1706.05098},
  year      = {2017},
  url       = {http://arxiv.org/abs/1706.05098},
  timestamp = {Mon, 03 Jul 2017 13:29:02 +0200},
  biburl    = {http://dblp.uni-trier.de/rec/bib/journals/corr/Ruder17a},
  bibsource = {dblp computer science bibliography, http://dblp.org}
}

@article{ruder:sgd,
  author    = {Sebastian Ruder},
  title     = {An overview of gradient descent optimization algorithms},
  journal   = {CoRR},
  volume    = {abs/1609.04747},
  year      = {2016},
  url       = {http://arxiv.org/abs/1609.04747},
  timestamp = {Wed, 07 Jun 2017 14:40:06 +0200},
  biburl    = {http://dblp.uni-trier.de/rec/bib/journals/corr/Ruder16},
  bibsource = {dblp computer science bibliography, http://dblp.org}
}


@article{deepcheap,
  author = {{Lin}, H.~W. and {Tegmark}, M. and {Rolnick}, D.},
  title = "{Why does deep and cheap learning work so well?}",
  journal = {ArXiv e-prints},
  archivePrefix = "arXiv",
  eprint = {1608.08225},
  primaryClass = "cond-mat.dis-nn",
  keywords = {Condensed Matter - Disordered Systems and Neural Networks, Computer Science - Learning, Computer Science - Neural and Evolutionary Computing, Statistics - Machine Learning},
  year = 2016,
  month = aug,
  adsurl = {http://adsabs.harvard.edu/abs/2016arXiv160808225L},
  adsnote = {Provided by the SAO/NASA Astrophysics Data System}
}


@article{renorm,
  author = {{Mehta}, P. and {Schwab}, D.~J.},
  title = "{An exact mapping between the Variational Renormalization Group and Deep Learning}",
  journal = {ArXiv e-prints},
  archivePrefix = "arXiv",
  eprint = {1410.3831},
  primaryClass = "stat.ML",
  keywords = {Statistics - Machine Learning, Condensed Matter - Statistical Mechanics, Computer Science - Learning, Computer Science - Neural and Evolutionary Computing},
  year = 2014,
  month = oct,
  adsurl = {http://adsabs.harvard.edu/abs/2014arXiv1410.3831M},
  adsnote = {Provided by the SAO/NASA Astrophysics Data System}
}

